<record><leader>00000cas a22000007a 4500</leader><controlfield tag="001">14583107</controlfield><controlfield tag="008">861031d187u18uulaudn ne      0    0eng d</controlfield><datafield ind1=" " ind2=" " tag="010"><subfield code="a">sn 86053845 </subfield></datafield><datafield ind1=" " ind2=" " tag="040"><subfield code="a">NPX</subfield><subfield code="b">eng</subfield><subfield code="c">NPX</subfield><subfield code="d">LNP</subfield><subfield code="d">OCLCQ</subfield></datafield><datafield ind1=" " ind2=" " tag="042"><subfield code="a">msc</subfield></datafield><datafield ind1="0" ind2=" " tag="130"><subfield code="a">Evening telegram (Shreveport, La.)</subfield></datafield><datafield ind1="1" ind2="4" tag="245"><subfield code="a">The evening telegram.</subfield></datafield><datafield ind1="1" ind2="3" tag="246"><subfield code="a">Daily evening telegram</subfield></datafield><datafield ind1="1" ind2="3" tag="246"><subfield code="a">Shreveport telegram</subfield></datafield><datafield ind1=" " ind2=" " tag="260"><subfield code="a">Shreveport, La. :</subfield><subfield code="b">Shreveport Pub. Co.</subfield></datafield><datafield ind1=" " ind2=" " tag="300"><subfield code="a">v.</subfield></datafield><datafield ind1=" " ind2=" " tag="310"><subfield code="a">Daily (except Sun.)</subfield></datafield><datafield ind1=" " ind2=" " tag="588"><subfield code="a">Description based on: Vol. 4, no. 299 (Sept. 16, 1876).</subfield></datafield><datafield ind1=" " ind2=" " tag="752"><subfield code="a">United States</subfield><subfield code="b">Louisiana</subfield><subfield code="c">Caddo</subfield><subfield code="d">Shreveport.</subfield></datafield><datafield ind1="0" ind2=" " tag="775"><subfield code="t">Weekly south-western-telegram (Shreveport, La.)</subfield><subfield code="w">(DLC)sn 86079086</subfield></datafield><datafield ind1="0" ind2="0" tag="780"><subfield code="t">Daily south-western-telegram (Shreveport, La.)</subfield><subfield code="w">(DLC)sn 86079085</subfield></datafield></record>